@article{Thomas2008,
	author    = {Philippe Thomas and Cyril Hazif-Thomas},
	title     = {Les nouvelles approches de la dépression de la personne âgée},
	journal   = {Gérontologie et société},
	year      = {2008},
	volume    = {31},
	number    = {126},
	pages     = {141-155},
	note      = {Dernière publication diffusée sur Cairn.info ou sur un portail partenaire}
}

@incollection{Thomas2017,
	author       = {Philippe Thomas and Cyril Hazif-Thomas},
	title        = {Autonomie et religion chez la personne âgée dite « démente » : principes pour une bientraitance},
	booktitle    = {Vie psychique, spiritualité et vieillissement},
	publisher    = {Chronique sociale},
	year         = {2017},
	address      = {Lyon},
	chapter      = {7},
	institution  = {SERVICE HOSPITALO-UNIVERSITAIRE DE PSYCHOGÉRIATRIE, PÔLE DE PSYCHIATRIE DU SUJET ÂGÉ ET CENTRE MÉMOIRE DE RESSOURCES ET DE RECHERCHE LIMOGES, CENTRE HOSPITALIER ESQUIROL 87000 LIMOGES}
}
@article{Mosca2016,
	author    = {Irene Mosca and Alan Barrett},
	title     = {The impact of adult child emigration on the mental health of older parents},
	journal   = {Journal of Population Economics},
	year      = {2016},
	volume    = {29},
	number    = {3},
	pages     = {687-719},
	publisher = {Springer},
	month     = {July}
}
@article{Hammami2012,
	author    = {S. Hammami and S. Hajem and A. Barhoumi and N. Koubaa and L. Gaha and C. Laouani Kechrid},
	title     = {Dépistage de la dépression chez une population âgée vivant à domicile. Intérêt de la « Mini-Gériatrique Depression Scale »},
	title     = {Screening for depression in an elderly population living at home. Interest of the Mini-Geriatric Depression Scale},
	journal   = {Revue d’épidémiologie et de Santé Publique},
	volume    = {60},
	number    = {3},
	pages     = {287-293},
	year      = {2012},
	publisher = {Elsevier},
	note      = {Reçu le 3 juillet 2011 ; accepté le 1 février 2012}
}

@article{Lestrade2016,
	author    = {Brigitte Lestrade and Anne Salles},
	title     = {Introduction. Quels défis démographiques pour l’Allemagne aujourd’hui ?},
	journal   = {Allemagne d'aujourd'hui},
	year      = {2016},
	volume    = {218},
	number    = {4},
	pages     = {36-41},
	note      = {Dernière publication diffusée sur Cairn.info ou sur un portail partenaire}
}

@article{Jongenelis2004,
	author    = {K. Jongenelis and A.M. Pot and A.M.H. Eisses and A.T.F. Beekman and H. Kluiter and M.W. Ribbe},
	title     = {Prevalence and risk indicators of depression in elderly nursing home patients: the AGED study},
	journal   = {Journal of Affective Disorders},
	volume    = {83},
	year      = {2004},
	pages     = {135-142},
	publisher = {Elsevier},
	note      = {Received 23 September 2003; received in revised form 9 June 2004; accepted 14 June 2004}
}

@article{Yunming2012,
	author    = {Li Yunming and Chen Changsheng and Tu Haibo and Cao Wenjun and Fan Shanhong and Ma Yan and Xu Yongyong and Hua Qianzhen},
	title     = {Prevalence and risk factors for depression in older people in Xi'an China: a community-based study},
	journal   = {International Journal of Geriatric Psychiatry},
	volume    = {27},
	year      = {2012},
	pages     = {31-39},
	publisher = {John Wiley \& Sons, Ltd},
	note      = {Copyright © 2011 John Wiley \& Sons, Ltd.},
	doi       = {10.1002/gps.2709}
}

@article{Cousteaux2008,
	author    = {Anne-Sophie Cousteaux and Jean-Louis Pan Ké Shon},
	title     = {Le mal-être a-t-il un genre ? Suicide, risque suicidaire, dépression et dépendance alcoolique},
	journal   = {Revue française de sociologie},
	year      = {2008},
	volume    = {49},
	number    = {1},
	pages     = {53--92},
	publisher = {Éditions Ophrys},
	issn      = {0035-2969},
	isbn      = {978208012059},
	doi       = {10.3917/rfs.491.0053}
}

@misc{phac_chronic_diseases,
	title        = {Maladies chroniques au Canada},
	organization = {Agence de Santé publique du Canada},
	address      = {130, chemin Colonnade, Indice de l’adresse : 6501G, Ottawa (Ontario) K1A 0K9, Canada},
	year         = {2005},
	note         = {Publication autorisée par le ministre de la Santé \\
	courriel : truls.ostbye@duke.edu},
	editor       = {David Carle-Ellis and Sylvie Stachenko and Stephen B. Hotz and Robert A. Spasoff and Claire Infante-Rivard and Cathy Marleau and Francine Boucher},
	author       = {David Carle-Ellis and Sylvie Stachenko and Stephen B. Hotz and Robert A. Spasoff and Claire Infante-Rivard and Cathy Marleau and Francine Boucher and Jacques Brisson and Neil E. Collishaw and James A. Hanley and Clyde Hertzman and C. Ineke Neutel and Kathryn Wilkins and Truls Østbye and Rebecca N. Brouwer and Betsy Kristjansson and Ian McDowell and Stephen C. Newman and Gerry Hill},
	howpublished = {\textit{Agence de Santé publique du Canada}},
	fax          = {(613) 941-3605},
	email        = {cdic-mcc@phac-aspc.gc.ca}
}






